% This file was created with JabRef 2.10.
% Encoding: MacCyrillic


@Conference{Arthur2007,
  Title                    = {k-means++: The Advantages of Careful Seeding},
  Author                   = {David Arthur and Sergei Vassilvitskii},
  Booktitle                = {SODA},
  Year                     = {2007},

  Owner                    = {anastasiamiller},
  Timestamp                = {2014.05.26},
  Url                      = {http://theory.stanford.edu/~sergei/papers/kMeansPP-soda.pdf}
}

@Article{Broadie1997,
  Title                    = {Pricing American-style securities by simulation},
  Author                   = {M. Broadie and P. Glasserman},
  Journal                  = {Journal of Economic Dynamics and Control},
  Year                     = {1997},
  Pages                    = {1323-1352},
  Volume                   = {21},

  Language                 = {english},
  Owner                    = {User},
  Timestamp                = {2013.12.25}
}

@Article{Broadie1997a,
  Title                    = {Enhanced Monte Carlo estimates for american option prices},
  Author                   = {Mark Broadie and Paul Glasserman and Gautam Jain},
  Journal                  = {Journal of Derivatives},
  Year                     = {1997},
  Number                   = {1 (Fall)},
  Pages                    = {25-44},
  Volume                   = {5},

  Language                 = english,
  Owner                    = {stacymiller},
  Timestamp                = {2014.05.26}
}

@Book{Glasserman2004,
  Title                    = {Monte Carlo Methods in Financial Engineering},
  Author                   = {Paul Glasserman},
  Publisher                = {Springer},
  Year                     = {2004},

  Language                 = {english},
  Owner                    = {User},
  Timestamp                = {2013.12.25}
}

